@Manual{R-tibble,
  title = {tibble: Simple Data Frames},
  author = {Kirill MÃ¼ller and Hadley Wickham},
  year = {2022},
  note = {R package version 3.1.8},
  url = {https://CRAN.R-project.org/package=tibble},
}

@Manual{R-vitae,
  title = {vitae: Curriculum Vitae for R Markdown},
  author = {Mitchell O'Hara-Wild and Rob Hyndman},
  year = {2022},
  note = {R package version 0.5.2},
  url = {https://CRAN.R-project.org/package=vitae},
}

